@book{formalized-music,
  author = {Iannis Xenakis},
  title = {Formalized Music},
  publisher = {Pendragon Press},
  year = {2001},
  month = {3},
  edition = {2},
  language = {english},
  isbn = {978-1576470794},
}
