@book{formalized-music,
author = {Xenakis, Iannis},
title = {Formalized Music: thought and mathematics in composition},
edition = {Rev. ed.},
isbn = {0945193246 1576470792},
publisher = {Pendragon Press},
pages = {xiv, 387 p.},
year = {1992}
}


