@misc{wiki:transcendental-number,
  author = {Wikipedia},
  title = {Transcendental number},
  year = 2011,
  howpublished = {\href{http://en.wikipedia.org/wiki/Transcendental_number}{\texttt{en.wikipedia.org/wiki/Transcendental\_number}}},
  language = {english}
}

@book{texbook,
  author = "Donald E. Knuth",
  title = "The {\TeX}book",
  pages = "ix + 483",
  year = "1984",
  publisher = {Addison--Wesley Professional},
  language = {english}
}
